@article{NunezIglesias:2013cd,
author = {Nunez-Iglesias, Juan and Kennedy, Ryan and Parag, Toufiq and Shi, Jianbo and Chklovskii, Dmitri B},
title = {{Machine Learning of Hierarchical Clustering to Segment 2D and 3D Images.}},
journal = {PLoS ONE},
year = {2013},
volume = {8},
number = {8},
pages = {e71715}
}


